<record><leader>00000cas a22000007a 4500</leader><controlfield tag="001">10578581</controlfield><controlfield tag="008">840330c18879999ohudn ne      0    0eng d</controlfield><datafield ind1=" " ind2=" " tag="010"><subfield code="a">sn 84028163 </subfield></datafield><datafield ind1=" " ind2=" " tag="040"><subfield code="a">NPY</subfield><subfield code="b">eng</subfield><subfield code="c">NPY</subfield><subfield code="d">DLC</subfield><subfield code="d">NPY</subfield><subfield code="d">ONP</subfield><subfield code="d">DLC</subfield><subfield code="d">OCL</subfield><subfield code="d">OCLCQ</subfield></datafield><datafield ind1=" " ind2=" " tag="042"><subfield code="a">msc</subfield></datafield><datafield ind1="0" ind2="0" tag="050"><subfield code="a">Newspaper 9214-X</subfield></datafield><datafield ind1="0" ind2="4" tag="245"><subfield code="a">The Daily legal news and Cleveland recorder.</subfield></datafield><datafield ind1="1" ind2="3" tag="246"><subfield code="a">Daily legal news</subfield></datafield><datafield ind1=" " ind2=" " tag="260"><subfield code="a">Cleveland, Ohio :</subfield><subfield code="b">[G.A. Robertson]</subfield></datafield><datafield ind1=" " ind2=" " tag="300"><subfield code="a">v.</subfield></datafield><datafield ind1=" " ind2=" " tag="310"><subfield code="a">Daily (except Sun and Mon.),</subfield><subfield code="b">Apr. 11, 1970-</subfield></datafield><datafield ind1=" " ind2=" " tag="321"><subfield code="a">Daily (except Sun.),</subfield><subfield code="b">&lt;1903&gt;-Apr. 10, 1970</subfield></datafield><datafield ind1="1" ind2=" " tag="362"><subfield code="a">Began in 1887?</subfield></datafield><datafield ind1=" " ind2=" " tag="500"><subfield code="a">Published as: Daily legal news, &lt;1907&gt;-Dec. 31, 1919.</subfield></datafield><datafield ind1=" " ind2=" " tag="550"><subfield code="a">Official paper of the City of Cleveland.</subfield></datafield><datafield ind1=" " ind2=" " tag="588"><subfield code="a">Description based on: Vol. 15, no. 155 (Jan. 1, 1903).</subfield></datafield><datafield ind1=" " ind2="4" tag="651"><subfield code="a">Cleveland (Ohio)</subfield><subfield code="v">Newspapers.</subfield></datafield><datafield ind1=" " ind2="4" tag="651"><subfield code="a">Cuyahoga County (Ohio)</subfield><subfield code="v">Newspapers.</subfield></datafield><datafield ind1=" " ind2=" " tag="752"><subfield code="a">United States</subfield><subfield code="b">Ohio</subfield><subfield code="c">Cuyahoga</subfield><subfield code="d">Cleveland.</subfield></datafield><datafield ind1="1" ind2=" " tag="776"><subfield code="c">Microfilm</subfield><subfield code="d">Library of Congress Photoduplication Service</subfield><subfield code="w">(DLC)sf 93096687</subfield><subfield code="w">(OCoLC)29536823</subfield></datafield><datafield ind1="0" ind2="0" tag="780"><subfield code="t">Daily court record</subfield><subfield code="w">(DLC)sn 90068522</subfield></datafield><datafield ind1="0" ind2="5" tag="780"><subfield code="t">Cleveland recorder</subfield><subfield code="w">(DLC)sn 84028164</subfield></datafield><datafield ind1="1" ind2=" " tag="029"><subfield code="a">AU@</subfield><subfield code="b">000020382400</subfield></datafield></record>